@article{agri-wiki,
    author = "",
    title = "agriculture",
    journal = "https://en.wikipedia.org/wiki/Agriculture",
    year = "",
    pages = ""
}


Recognition of Pantaneira cattle breed using computer vision and convolutional neural networks,

@article{video-set-04,
    author = "Fabricio de Lima Weber, Vanessa Aparecida de Moraes Weber, Geazy Vilharva Menezes, Adair da Silva Oliveira Junior, Daniela Arestides Alves, Marcus Vinicius Morais de Oliveira, Edson Takashi Matsubara, Hemerson Pistori, Urbano Gomes Pinto de Abreu",
    journal = "Recognition of Pantaneira cattle breed using computer vision and convolutional neural networks"
}

@article{video-set-03,
    author = "Cheng Fang, Tiemin Zhang, Haikun Zheng, Junduan Huang, Kaixuan Cuan",
    journal = "Pose estimation and behavior classification of broiler chickens based on deep neural networks"
}

@article{video-set-02,
    author       = "Hala Lamdouar and Charig Yang and Weidi Xie and Andrew Zisserman",
    title        = "Betrayed by Motion: Camouflaged Object Discovery via Motion Segmentation",
    journal      = "Asian Conference on Computer Vision",
    year         = "2020",
}

@article{video-set-01,
    author = "Ng, Xun Long and Ong, Kian Eng and Zheng, Qichen and Ni, Yun and Yeo, Si Yong and Liu, Jun",
    journal = "Animal Kingdom: A Large and Diverse Dataset for Animal Behavior Understanding"
}

@article{paho-mqtt,
    journal = "Python paho-mqtt package, https://github.com/eclipse/paho.mqtt.python"
}

@article{websocket,
    journal = "WebSocket, https://zh.wikipedia.org/zh-tw/WebSocket"
}

@article{opencv,
    journal = "openCV, https://opencv.org/"
}

@article{ossr,
    journal = "Ossrs, https://github.com/ossrs/srs"
}

@article{pi, 
    journal = "Raspberry Pi, https://en.wikipedia.org/wiki/Raspberry\_Pi"
}

@article{speed-dome,
    journal = "Speed dome, http://www.hertone.com/home/?page\_id=161"
}

@article{hertone-LTD,
    journal = "Hertone company, http://www.hertone.com/home/"
}

@article{line-notify,
    journal = "Line notify, https://notify-bot.line.me/zh-TW/"
}

@article{wildlife-paper,
    journal = "G. Chen, T. X. Han, Z. He, R. Kays and T. Forrester, 'Deep convolutional neural network based species recognition for wild animal monitoring,'' 2014 IEEE International Conference on Image Processing (ICIP), 2014, pp. 858-862"
}

@article{luda-farm,
    journal = "Luda farm, https://www.luda.farm/farm-video-surveillance/"
}

@article{genbest-LTD,
    journal = "GenBest Technology digital video recording system, http://www.genbest.com.tw/genbest/dvr/ec.htm"
}

@article{uav-wiki,
    journal = "UAVs, https://en.wikipedia.org/wiki/Unmanned\_aerial\_vehicle"
}

@article{hens-paper,
    journal = "Leroy T, Vranken E. A computer vision method for on-line behavioral quantification of individually caged poultry. Transactions of the ASABE, 2006; 49(3): 795–802 "
}

@article{fish-paper,
    journal = "Omar Anas, Youssef Wageeh, Hussam El-Din Mohamed, Ali Fadl, Noha ElMasry, Ayman Nabil, Ayman Atia, Detecting Abnormal Fish Behavior Using Motion Trajectories In Ubiquitous Environments, Procedia Computer Science, Volume 175, 2020, Pages 141-148,"
}

@article{cow-paper,
    journal = "Gu J Q, Wang Z H, Gao R H, Wu H R. Cow behavior recognition based on image analysis and activities. Int J Agric \& Biol Eng, 2017; 10(3): 165–174."
}


@article{aws,
    journal = "AWS cloud service, https://aws.amazon.com/tw/"
}

@article{agri-web,
    journal = "Smart Farming Platform, https://nthu-smart-farming.kits.tw/."
}

@article{crop-fail,
    journal = "Bourne, J. E. 2015. The End of Plenty: The Race to Feed a Crowded World. W. W.Norton"
}

@article{agri-ai,
    journal = "C. -W. Hsu, Y. -H. Huang and N. -F. Huang, 'Real-time Dragonfruit’s Ripeness Classification System with Edge Computing Based on Convolution Neural Network,' 2022 International Conference on Information Networking (ICOIN), 2022, pp. 177-182,"
}

@article{fish-labour,
    journal = "FAO, b. Monitoring, record keeping, accounting and marketing."
}

@article{agri-stock,
    journal = "Livestock, https://en.wikipedia.org/wiki/Livestock"
}

@article{agri-stock2,
    journal = "Suryawanshi, K., Redpath, S., Bhatnagar, Y., Ramakrishnan, U., Chaturvedi, V., Smout, S., Mishra, C., 2017. Impact of wild prey availability on livestock predation by snow leopards. Roy. Soc. Open Sci. 4 (6). "
}

@article{agri-history,
    journal = "Diamond, J. Evolution, consequences and future of plant and animal domestication. Nature 418, 700–707 (2002)"
}

@article{agri-pop2,
    journal = "Borlaug, N. E. 2000. The green revolution revisited and the road ahead. Special 30th Anniversary Lecture, Norwegian Nobel Institute, Oslo."
}

@article{argi-pop,
    journal = "World population, https://www.worldometers.info/world-population/"
}

@article{dvr-server,
    journal = "DVR streaming server, https://github.com/ossrs/srs"
}

@article{pub-sub,
    journal = "Pub-sub pattern, https://en.wikipedia.org/wiki/Publish-subscribe\_pattern"
}

@article{mqtt-intro,
    journal = "MQTT, https://mqtt.org/"
}

@article{mqtt-data-flow,
    journal = "N. Naik, 'Choice of effective messaging protocols for IoT systems: MQTT, CoAP, AMQP and HTTP,' 2017 IEEE International Systems Engineering Symposium (ISSE), 2017, pp. 1-7"
}

@article{rtmp-inventor,
    journal = "Macromedia, https://en.wikipedia.org/wiki/Macromedia"
}

@article{rtmp-intro-01,
    journal = "RTMP introduction, https://www.wowza.com/blog/rtmp-streaming-real-time-messaging-protocol"
}

@article{iot-intro-01,
    journal = "Gillis, Alexander (2021). 'What is internet of things (IoT)?'. IOT Agenda. Retrieved 17 August 2021."
}

@article{iot-intro-02,
    journal = "Hany F. Atlam, Gary B. Wills,”Chapter Three - Intersections between IoT and distributed ledger” Advances in Computers, vol. 115, Pages 73-113, 2019"
}

@article{rtsp-intro-01,
    journal = "InfoWorld Media Group, Inc. (2 March 1998). InfoWorld. InfoWorld Media Group, Inc. p. 18. ISSN 0199-6649."
}

@article{rtsp-intro-02,
    journal = "Rafael Osso (1999). Handbook of Emerging Communications Technologies: The Next Decade. CRC Press. p. 42. ISBN 978-1-4200-4962-6."
}

@article{PI-intro,
    journal = "Raspberry PI, https://www.raspberrypi.org/"
}

@article{aqua-intro,
    journal = "花蓮水產培育所, https://hlab.hl.gov.tw/"
}

@article{IPcam,
    journal = "IPcam, http://www.hertone.com/home/"
}

@article{aws-greengrass,
    journal = "AWS greengrass, https://aws.amazon.com/tw/greengrass/"
}

@article{aws-lambda,
    journal = "AWS lambda, https://aws.amazon.com/tw/lambda/"
}


@article{aws-s3,
    journal = "AWS S3, https://aws.amazon.com/tw/s3/"
}

@article{aws-ec2,
    journal = "AWS EC2, https://aws.amazon.com/tw/ec2/"
}

@article{agri-population,
    title = "行政院農業委員會109年統計年報"
}


@article{aws-dynamodb,
    journal = "AWS DynamoDB, https://aws.amazon.com/tw/dynamodb/"
}

@article{agri-import-tech,
    author = "Quartly, Jules.",
    title = "Vertical Farming Takes Root in Taiwan."
}

@article{agri-land,
    author = "Chen, Yi-Ying; Huang, Wei; Wang, Wei-Hong; Juang, Jehn-Yih; Hong, Jing-Shan; Kato, Tomomichi; Luyssaert, Sebastiaan",
    title = "Reconstructing Taiwan's land cover changes between 1904 and 2015 from historical maps and satellite images"
}


